<record><leader>00000cas a22000001  4500</leader><controlfield tag="001">29802501</controlfield><controlfield tag="007">hd afb016baca</controlfield><controlfield tag="007">hd bfb016baaa</controlfield><controlfield tag="008">931001d18211825nyuwr nea     0    1eng  </controlfield><datafield ind1=" " ind2=" " tag="010"><subfield code="a">sn 94084694 </subfield></datafield><datafield ind1=" " ind2=" " tag="040"><subfield code="a">DLC</subfield><subfield code="b">eng</subfield><subfield code="c">NYP</subfield><subfield code="d">RQM</subfield><subfield code="d">OCLCQ</subfield></datafield><datafield ind1=" " ind2=" " tag="012"><subfield code="i">9310</subfield></datafield><datafield ind1=" " ind2=" " tag="042"><subfield code="a">msc</subfield></datafield><datafield ind1=" " ind2=" " tag="043"><subfield code="a">n-us-ny</subfield></datafield><datafield ind1="0" ind2="4" tag="245"><subfield code="a">The Microscope.</subfield></datafield><datafield ind1="1" ind2="0" tag="247"><subfield code="a">Microscope and independent examiner</subfield><subfield code="f">May 11, 1822-Jan. 24, 1824</subfield></datafield><datafield ind1=" " ind2=" " tag="260"><subfield code="a">Albany.</subfield></datafield><datafield ind1=" " ind2=" " tag="300"><subfield code="a">5 volumes</subfield></datafield><datafield ind1=" " ind2=" " tag="310"><subfield code="a">Weekly</subfield></datafield><datafield ind1=" " ind2=" " tag="336"><subfield code="a">text</subfield><subfield code="b">txt</subfield><subfield code="2">rdacontent</subfield></datafield><datafield ind1=" " ind2=" " tag="337"><subfield code="a">microform</subfield><subfield code="b">h</subfield><subfield code="2">rdamedia</subfield></datafield><datafield ind1=" " ind2=" " tag="338"><subfield code="a">microfilm reel</subfield><subfield code="b">hd</subfield><subfield code="2">rdacarrier</subfield></datafield><datafield ind1="0" ind2=" " tag="362"><subfield code="a">-v. 5, no. 10 (no. 103-218); Mar. 1, 1823-May 14, 1825.</subfield></datafield><datafield ind1="1" ind2=" " tag="362"><subfield code="a">Began. with v. 1 in 1821.</subfield></datafield><datafield ind1=" " ind2=" " tag="533"><subfield code="a">Microfilm.</subfield><subfield code="m">v.2,no. 1-40 (May 1822-Feb. 1823):[Gaps]</subfield><subfield code="b">New York :</subfield><subfield code="c">New York Public Library,</subfield><subfield code="d">1980.</subfield><subfield code="e">1 microfilm reel ; 35 mm.</subfield></datafield><datafield ind1=" " ind2=" " tag="752"><subfield code="a">United states</subfield><subfield code="b">New York</subfield><subfield code="c">Albany</subfield><subfield code="d">Albany.</subfield></datafield><datafield ind1="1" ind2=" " tag="776"><subfield code="c">Original</subfield><subfield code="w">(DLC)sn 84031147</subfield></datafield><datafield ind1="0" ind2="0" tag="780"><subfield code="t">Microscope and herald of fancy</subfield></datafield><datafield ind1=" " ind2=" " tag="850"><subfield code="a">NN</subfield><subfield code="a">NN (master)</subfield></datafield><datafield ind1="1" ind2=" " tag="029"><subfield code="a">AU@</subfield><subfield code="b">000025884821</subfield></datafield></record>